<record><leader>00000cas a22000007a 4500</leader><controlfield tag="001">11328650</controlfield><controlfield tag="008">841030d189519uumtuwr ne      0    0eng d</controlfield><datafield ind1=" " ind2=" " tag="010"><subfield code="a">sn 84036219 </subfield></datafield><datafield ind1=" " ind2=" " tag="040"><subfield code="a">MTL</subfield><subfield code="b">eng</subfield><subfield code="c">MTL</subfield><subfield code="d">OCLCQ</subfield></datafield><datafield ind1=" " ind2=" " tag="042"><subfield code="a">msc</subfield></datafield><datafield ind1="0" ind2="4" tag="245"><subfield code="a">The Lewistown Democrat.</subfield></datafield><datafield ind1="3" ind2="0" tag="246"><subfield code="a">Fergus County Democrat</subfield></datafield><datafield ind1=" " ind2=" " tag="260"><subfield code="a">Lewistown, Mont. :</subfield><subfield code="b">E.B. Shafer,</subfield><subfield code="c">1895-</subfield></datafield><datafield ind1=" " ind2=" " tag="300"><subfield code="a">v. :</subfield><subfield code="b">ill. ;</subfield><subfield code="c">60-65 cm.</subfield></datafield><datafield ind1=" " ind2=" " tag="310"><subfield code="a">Weekly</subfield></datafield><datafield ind1="0" ind2=" " tag="362"><subfield code="a">Vol. 5, no. 45 (July 11, 1895)-</subfield></datafield><datafield ind1=" " ind2=" " tag="500"><subfield code="a">Sometimes published as: Fergus County Democrat (Aug. 23-Nov. 1, 1900).</subfield></datafield><datafield ind1=" " ind2=" " tag="500"><subfield code="a">"The only reliable Democratic paper in Fergus County."</subfield></datafield><datafield ind1=" " ind2=" " tag="500"><subfield code="a">"Official paper of the City of Lewistown," Nov. 1901-Mar. 1902.</subfield></datafield><datafield ind1=" " ind2=" " tag="752"><subfield code="a">United States</subfield><subfield code="b">Montana</subfield><subfield code="c">Fergus</subfield><subfield code="d">Lewistown.</subfield></datafield><datafield ind1="0" ind2="0" tag="780"><subfield code="t">Montana Democrat</subfield><subfield code="w">(DLC)sn 84036217</subfield></datafield><datafield ind1="0" ind2="5" tag="780"><subfield code="t">Lewistown eagle</subfield><subfield code="g">Sept. 6, 1900</subfield><subfield code="w">(DLC)sn 84036218</subfield></datafield><datafield ind1="1" ind2=" " tag="029"><subfield code="a">AU@</subfield><subfield code="b">000025811369</subfield></datafield></record>